@article{li2025cognitive_activation,
  title        = {Cognitive Activation and Chaotic Dynamics in Large Language Models: A Quasi‐Lyapunov Analysis of Reasoning Mechanisms},
  author       = {Li, Xiaojian and Leng, Yongkang and Ding, Ruiqing and Mo, Hangjie and Yang, Shanlin},
  journal      = {arXiv preprint arXiv:2503.13530},
  year         = {2025},
  url          = {https://doi.org/10.48550/arXiv.2503.13530}
}

@article{Xiaojian,
  title        = {Dynamical Mean‐Field Theory of Self‐Attention Neural Networks},
  author       = {Poc‐L{\'o}pez, {\'A}ngel and Aguilera, Miguel},
  journal      = {arXiv preprint arXiv:2406.07247},
  year         = {2024},
  url          = {https://doi.org/10.48550/arXiv.2406.07247}
}

@article{tomihari2025recurrent_self_attention_dynamics,
  title        = {Recurrent Self‐Attention Dynamics: An Energy‐Agnostic Perspective from Jacobians},
  author       = {Tomihari, Akiyoshi and Karakida, Ryo},
  journal      = {arXiv preprint arXiv:2505.19458},
  year         = {2025},
  url          = {https://doi.org/10.48550/arXiv.2505.19458}
}

@article{zhang2024intelligence_edge_of_chaos,
  title        = {Intelligence at the Edge of Chaos},
  author       = {Zhang, Shiyang and Patel, Aakash and Rizvi, Syed Asad and Liu, Nianchen and He, Sizhuang and Karbasi, Amin and Zappala, Emanuele and van Dijk, David},
  journal      = {arXiv preprint arXiv:2410.02536},
  year         = {2024},
  url          = {https://doi.org/10.48550/arXiv.2410.02536}
}

@article{wang2025unveiling_attractor_cycles,
  title        = {Unveiling Attractor Cycles in Large Language Models: A Dynamical Systems View of Successive Paraphrasing},
  author       = {Wang, Zhilin and Li, Yafu and Yan, Jianhao and Cheng, Yu and Zhang, Yue},
  journal      = {arXiv preprint arXiv:2502.15208},
  year         = {2025},
  url          = {https://doi.org/10.48550/arXiv.2502.15208}
}

@misc{geshkovski2025mathematicalperspectivetransformers,
      title={A mathematical perspective on Transformers}, 
      author={Borjan Geshkovski and Cyril Letrouit and Yury Polyanskiy and Philippe Rigollet},
      year={2025},
      eprint={2312.10794},
      archivePrefix={arXiv},
      primaryClass={cs.LG},
      url={https://arxiv.org/abs/2312.10794}, 
}

@online{thinkingmachines2025-defeating-nondeterminism,
  title  = {Defeating Nondeterminism in LLM Inference},
  author = {{Thinking Machines}},
  url    = {https://thinkingmachines.ai/blog/defeating-nondeterminism-in-llm-inference/},
  urldate = {2025-09-13},
  note   = {Blog post}
}

@article{cyclegan,
    doi = {10.1371/journal.pcsy.0000027},
    author = {Tanaka, Takaya AND Yamaguti, Yutaka},
    journal = {PLOS Complex Systems},
    publisher = {Public Library of Science},
    title = {Cyclic image generation using chaotic dynamics},
    year = {2025},
    month = {01},
    volume = {2},
    url = {https://doi.org/10.1371/journal.pcsy.0000027},
    pages = {1-20},
    number = {1},
}

@article{sussillo2013,
  title   = {Opening the Black Box: Low-Dimensional Dynamics in High-Dimensional Recurrent Neural Networks},
  author  = {Sussillo, David and Barak, Omri},
  journal = {Neural Computation},
  volume  = {25},
  number  = {3},
  pages   = {626--649},
  year    = {2013},
  doi     = {10.1162/NECO_a_00409},
  url     = {https://barak.net.technion.ac.il/files/2012/11/sussillo_barak-neco.pdf},
  urldate = {2025-09-13}